@Book{Goossens.lwc,
  author       = "Michel Goossens and Sebastian Rahtz",
  title        = "{\LaTeX} Web Companion",
  publisher    = "Addison-Wesley",
  year         = "2001"
}

@Booklet{Gurari.TeX4ht,
  title        = {TeX4ht: {\LaTeX} and {\TeX} for Hypertext},
  author       = "Eitan Gurari",
  howpublished = "\url{http://www.cse.ohio-state.edu/~gurari/TeX4ht/}",
  year         = 2004,
}

@Booklet{Veillard.libxslt,
  author       = {Daniel Veillard},
  title        = {{LIBXSLT} --- The {XSLT C} library for {G}nome},
  howpublished = {\url{http://xmlsoft.org/XSLT}},
  year         = 2003,
}

@Booklet{wiki.docbookxsl,
  author       = "Wiki",
  title        = "{DocBook} {XSL} {Stylesheets}",
  howpublished = {\url{http://wiki.docbook.org/topic/DocBookXslStylesheets}},
  year         = 2004,
}

@Booklet{jsMath.examples,
  title        = {Examples of jsMath},
  author       = "Davide Cervone",
  howpublished = "\url{http://www.math.union.edu/~dpvc/jsMath/examples/welcome.html}",
  year         = 2009,
}
